<record><leader>00000cas a22000007a 4500</leader><controlfield tag="001">32745400</controlfield><controlfield tag="008">950630d19401943nyumr ne      0    0eng d</controlfield><datafield ind1=" " ind2=" " tag="010"><subfield code="a">sn 95071242 </subfield></datafield><datafield ind1=" " ind2=" " tag="040"><subfield code="a">NYS</subfield><subfield code="b">eng</subfield><subfield code="c">NYS</subfield><subfield code="d">OCLCQ</subfield></datafield><datafield ind1=" " ind2=" " tag="042"><subfield code="a">msc</subfield></datafield><datafield ind1="0" ind2="0" tag="245"><subfield code="a">Elma news.</subfield></datafield><datafield ind1=" " ind2=" " tag="260"><subfield code="a">Elma [N.Y. :</subfield><subfield code="b">s.n.]</subfield></datafield><datafield ind1=" " ind2=" " tag="300"><subfield code="a">v.</subfield></datafield><datafield ind1=" " ind2=" " tag="310"><subfield code="a">Monthly, May 1941-1943</subfield></datafield><datafield ind1=" " ind2=" " tag="321"><subfield code="a">Weekly, &lt;Mar. 1940-Apr. 26,</subfield><subfield code="b">1941</subfield></datafield><datafield ind1="1" ind2=" " tag="362"><subfield code="a">Began in 1940.</subfield></datafield><datafield ind1="0" ind2=" " tag="362"><subfield code="a">-v. 1, no. 26 (Sept. 12, 1940) ; v. 2, no. 1 (Sept. 19, 1940)-v. 4, no. [4] (Apr. 1943).</subfield></datafield><datafield ind1=" " ind2=" " tag="500"><subfield code="a">Editor: Eugene A. Pfeil.</subfield></datafield><datafield ind1=" " ind2=" " tag="500"><subfield code="a">"The voice of Elma."</subfield></datafield><datafield ind1=" " ind2=" " tag="588"><subfield code="a">Description based on: Vol. 1, no. 2 (Mar. 28, 1940).</subfield></datafield><datafield ind1=" " ind2="4" tag="651"><subfield code="a">Elma (N.Y.)</subfield><subfield code="v">Newspapers.</subfield></datafield><datafield ind1=" " ind2="4" tag="651"><subfield code="a">Erie County (N.Y.)</subfield><subfield code="v">Newspapers.</subfield></datafield><datafield ind1=" " ind2=" " tag="752"><subfield code="a">United States</subfield><subfield code="b">New York</subfield><subfield code="c">Erie</subfield><subfield code="d">Elma.</subfield></datafield><datafield ind1="1" ind2=" " tag="029"><subfield code="a">AU@</subfield><subfield code="b">000011869112</subfield></datafield></record>